@BOOK{Kol97,
author       = "Charles Kolski",
title        = "Interfaces homme-machine",
publisher    = "Editions Hermès",
address      = "Paris",
year         = "1997",
}

@ARTICLE{DF94b,
author       = "Igor Demeure  and  Jean Farhat",
title        = "Systèmes de processus légers : concepts et exemples",
journal      = "Technique et Science Informatiques",
volume       = "13",
number       = "6",
year         = "1994",
pages        = "765-795",
}

@INPROCEEDINGS{Lal97,
author       = "Alain Lallouet",
title        = "DP-LOG : un langage logique data-parallèle",
booktitle    = "Actes des 6\ieme journées francophones de programmation logique et
                        programmation par contraintes JFPLC'97",
address      = "Orléans",
month        = "26-28 \May",
year         = "1997",
publisher    = "Éditions Hermès, Paris",
pages        = "53-68",
}

@TECHREPORT{BDHR95,
author       = "Braun, T.  and  Diot, C.  and  Hoglander, A.  and  Roca, V.",
title        = "An experimental user level implementation of TCP",
institution  = "INRIA",
type         = "Rapport de recherche",
number       = "265",
month        = "\Sep",
year         = "1995"
}

@PHDTHESIS{Naw97,
author       = "Alphonse Nawrocki",
title        = "Contribution à la modélisation des câbles monotorons par éléments finis",
type         = "Thèse de doctorat",
school       = "Université de Nantes, École Centrale de Nantes",
year         = "1997",
}

@BOOK{Lam94,
author       = "Leslie Lamport",
title        = "\LaTeX -- A Document Preparation System --
                User's Guide and Reference Manual (updated for \LaTeX~2$_\epsilon$)",
edition      = "2nd",
publisher    = "Addison-Wesley",
year         = "1994",
}

@BOOK{GMS94,
author       = "M. Goossens and F. Mittelbach and A. Samarin",
title        = "The \LaTeX Companion",
publisher    = "Addison-Wesley",
year         = "1994",
}

@ARTICLE{Her99,
author       = "HERMES",
title        = "Consignes aux auteurs",
journal      = "Technique et Science Informatiques",
publisher    = "Hermès, Paris",
volume       = "18",
number       = "1",
year         = "1999",
pages        = "111-120",
}
